% Conversations
@misc{li,
    author = {Fuxin Li},
    month = {October},
    year = {2018},
    howpublished = {Group meeting}
}