% Websites
@misc{dla,
    author = {Arthur Ouaknine},
    title = {Why object detection instead of image classification?},
    howpublished = {Available at \url{https://medium.com/comet-app/review-of-deep-learning-algorithms-for-object-detection-c1f3d437b852} (2018/02/05)}
}
@misc{pda1 ,
    author = {Jonathan Hui},
    title = {Object detection: speed and accuracy comparison (Faster R-CNN, R-FCN, SSD, FPN, RetinaNet and YOLOv3)},
    howpublished = {Available at \url{https://medium.com/@jonathan_hui/object-detection-speed-and-accuracy-comparison-faster-r-cnn-r-fcn-ssd-and-yolo-5425656ae359} (2018/06/19)}
}
@misc{pda2,
    author = {Jonathan Hui},
    title = {Design choices, lessons learned and trends for object detections?},
    howpublished = {Available at \url{https://medium.com/@jonathan_hui/design-choices-lessons-learned-and-trends-for-object-detections-4f48b59ec5ff} (2018/03/28)}
}
@misc{pda3,
    author = {Jonathan Hui},
    title = {What do we learn from region based object detectors (Faster R-CNN, R-FCN, FPN)?},
    howpublished = {Available at \url{https://medium.com/@jonathan_hui/what-do-we-learn-from-region-based-object-detectors-faster-r-cnn-r-fcn-fpn-7e354377a7c9} (2018/03/28)}
}
@misc{plf1,
    author = {Jeff Hale},
    title = {Deep Learning Framework Power Scores 2018},
    howpublished = {Available at \url{https://towardsdatascience.com/deep-learning-framework-power-scores-2018-23607ddf297a} (2018/09/19)}
}
@misc{plf2,
    author = {Mateusz Opala},
    title = {Deep Learning Frameworks Comparison â€“ Tensorflow, PyTorch, Keras, MXNet, The Microsoft Cognitive Toolkit, Caffe, Deeplearning4j, Chainer},
    howpublished = {Available at \url{https://www.netguru.co/blog/deep-learning-frameworks-comparison} (2018/09/06)}
}
@misc{plf3,
    author = {Abdelrahman Ahmed},
    title = {Choosing a Machine Learning Framework in 2018},
    howpublished = {Available at \url{https://agi.io/2018/02/09/survey-machine-learning-frameworks/} (2018/02/09)}
}
@misc{pl1,
    author = {Christina Voskoglou},
    title = {What is the best programming language for Machine Learning?},
    howpublished = {Available at \url{https://towardsdatascience.com/what-is-the-best-programming-language-for-machine-learning-a745c156d6b7} (2017/05/05)}
}
@misc{pl2,
    author = {Pratik Kanada},
    title = {Which Programming Language Is Considered To Be Best For Machine Learning?},
    howpublished = {Available at \url{https://www.datasciencecentral.com/profiles/blogs/which-programming-language-is-considered-to-be-best-for-machine} (2018/07/28)}
}
@misc{pl3,
    author = {BizDevCorp},
    title = {The 5 best programming languages for AI development},
    howpublished = {Available at \url{https://www.futureproofing.io/blog/the-5-best-programming-languages-for-ai-development} (2018/06/05)}
}
@misc{zd ,
    author = {Stephanie Condon},
    title = {Portland kicks off smart city initiative with traffic sensor safety project},
    howpublished = {Available at \url{https://www.zdnet.com/article/portland-kicks-off-smart-city-initiative-with-traffic-sensor-safety-project/} (2018/06/19)}
}
@misc{CNN2,
    author = {Daphne Cornelisse},
    title = {An intuitive guide to Convolutional Neural Networks},
    howpublished = {Available at \url{https://medium.freecodecamp.org/an-intuitive-guide-to-convolutional-neural-networks-260c2de0a050} (2018/04/24)}
}
@misc{VGGFace2 ,
    title = {VGGFace2 About},
    howpublished = {Available at \url{http://www.robots.ox.ac.uk/~vgg/data/vgg_face2/} (2018/10/30)}
}