
@ARTICLE{YOLOv3,
   author = {{Redmon}, J. and {Farhadi}, A.},
    title = "{YOLOv3: An Incremental Improvement}",
  journal = {ArXiv e-prints},
archivePrefix = "arXiv",
   eprint = {1804.02767},
 primaryClass = "cs.CV",
 keywords = {Computer Science - Computer Vision and Pattern Recognition},
     year = 2018,
    month = apr,
   adsurl = {http://adsabs.harvard.edu/abs/2018arXiv180402767R},
  adsnote = {Provided by the SAO/NASA Astrophysics Data System}
}
@ARTICLE{kim,
  title={Multi-object Tracking with Neural Gating Using Bilinear LSTM},
  author={Chanho Kim and Fuxin Li and James M. Rehg},
  booktitle={ECCV},
  year={2018}
}
@ARTICLE{mask,
   author = {{He}, K. and {Gkioxari}, G. and {Doll{\'a}r}, P. and {Girshick}, R.
	},
    title = "{Mask R-CNN}",
  journal = {ArXiv e-prints},
archivePrefix = "arXiv",
   eprint = {1703.06870},
 primaryClass = "cs.CV",
 keywords = {Computer Science - Computer Vision and Pattern Recognition},
     year = 2017,
    month = mar,
   adsurl = {http://adsabs.harvard.edu/abs/2017arXiv170306870H},
  adsnote = {Provided by the SAO/NASA Astrophysics Data System}
}
@ARTICLE{multi,
   author = {{Liu}, W. and {Camps}, O. and {Sznaier}, M.},
    title = "{Multi-camera Multi-Object Tracking}",
  journal = {arXiv e-prints},
archivePrefix = "arXiv",
   eprint = {1709.07065},
 primaryClass = "cs.CV",
 keywords = {Computer Science - Computer Vision and Pattern Recognition},
     year = 2017,
    month = sep,
   adsurl = {http://adsabs.harvard.edu/abs/2017arXiv170907065L},
  adsnote = {Provided by the SAO/NASA Astrophysics Data System}
}