@misc{defp,
    title = {Operating System - Processes},
    howpublished = {Available at \url{https://www.tutorialspoint.com/operating_system/os_processes.htm} (2018/10/19)}
}